%YAML 1.1
%TAG !u! tag:unity3d.com,2011:
--- !u!1001 &100100000
Prefab:
  m_ObjectHideFlags: 1
  serializedVersion: 2
  m_Modification:
    m_TransformParent: {fileID: 0}
    m_Modifications: []
    m_RemovedComponents: []
  m_ParentPrefab: {fileID: 0}
  m_RootGameObject: {fileID: 1649610894942086}
  m_IsPrefabParent: 1
--- !u!1 &1649610894942086
GameObject:
  m_ObjectHideFlags: 0
  m_PrefabParentObject: {fileID: 0}
  m_PrefabInternal: {fileID: 100100000}
  serializedVersion: 5
  m_Component:
  - component: {fileID: 4222599009807054}
  - component: {fileID: 114647573664028468}
  - component: {fileID: 114238038453179498}
  - component: {fileID: 114947546535252302}
  - component: {fileID: 114931078521329028}
  m_Layer: 0
  m_Name: UIEventSystem
  m_TagString: Untagged
  m_Icon: {fileID: 0}
  m_NavMeshLayer: 0
  m_StaticEditorFlags: 0
  m_IsActive: 1
--- !u!4 &4222599009807054
Transform:
  m_ObjectHideFlags: 1
  m_PrefabParentObject: {fileID: 0}
  m_PrefabInternal: {fileID: 100100000}
  m_GameObject: {fileID: 1649610894942086}
  m_LocalRotation: {x: -0, y: -0, z: -0, w: 1}
  m_LocalPosition: {x: 0, y: 0, z: 0}
  m_LocalScale: {x: 1, y: 1, z: 1}
  m_Children: []
  m_Father: {fileID: 0}
  m_RootOrder: 0
  m_LocalEulerAnglesHint: {x: 0, y: 0, z: 0}
--- !u!114 &114238038453179498
MonoBehaviour:
  m_ObjectHideFlags: 1
  m_PrefabParentObject: {fileID: 0}
  m_PrefabInternal: {fileID: 100100000}
  m_GameObject: {fileID: 1649610894942086}
  m_Enabled: 1
  m_EditorHideFlags: 0
  m_Script: {fileID: 11500000, guid: c2acaa2436d190d42a19377b0d7b4178, type: 3}
  m_Name: 
  m_EditorClassIdentifier: 
  persistAcrossScenes: 1
  singleton: 1
  inputModule: {fileID: 114947546535252302}
  playerCount: 2
--- !u!114 &114647573664028468
MonoBehaviour:
  m_ObjectHideFlags: 1
  m_PrefabParentObject: {fileID: 0}
  m_PrefabInternal: {fileID: 100100000}
  m_GameObject: {fileID: 1649610894942086}
  m_Enabled: 1
  m_EditorHideFlags: 0
  m_Script: {fileID: -619905303, guid: f70555f144d8491a825f0804e09c671c, type: 3}
  m_Name: 
  m_EditorClassIdentifier: 
  m_FirstSelected: {fileID: 0}
  m_sendNavigationEvents: 1
  m_DragThreshold: 5
--- !u!114 &114931078521329028
MonoBehaviour:
  m_ObjectHideFlags: 1
  m_PrefabParentObject: {fileID: 0}
  m_PrefabInternal: {fileID: 100100000}
  m_GameObject: {fileID: 1649610894942086}
  m_Enabled: 1
  m_EditorHideFlags: 0
  m_Script: {fileID: 11500000, guid: f8dcd4734468ce14393cae0ccb0599e7, type: 3}
  m_Name: 
  m_EditorClassIdentifier: 
--- !u!114 &114947546535252302
MonoBehaviour:
  m_ObjectHideFlags: 1
  m_PrefabParentObject: {fileID: 0}
  m_PrefabInternal: {fileID: 100100000}
  m_GameObject: {fileID: 1649610894942086}
  m_Enabled: 1
  m_EditorHideFlags: 0
  m_Script: {fileID: 11500000, guid: 10efa70eea88e69459c632aac286892d, type: 3}
  m_Name: 
  m_EditorClassIdentifier: 
  useAllRewiredGamePlayers: 1
  useRewiredSystemPlayer: 1
  rewiredPlayerIds: 
  usePlayingPlayersOnly: 0
  moveOneElementPerAxisPress: 0
  m_HorizontalAxis: UIHorizontal
  m_VerticalAxis: UIVertical
  m_SubmitButton: UIPrimary
  m_CancelButton: UICancel
  m_InputActionsPerSecond: 6
  m_RepeatDelay: 0.2
  m_allowMouseInput: 1
  m_allowMouseInputIfTouchSupported: 1
  m_ForceModuleActive: 1
